@article{van2004two,
  title={Two-mode clustering methods: astructuredoverview},
  author={Van Mechelen, Iven and Bock, Hans-Hermann and De Boeck, Paul},
  journal={Statistical methods in medical research},
  volume={13},
  number={5},
  pages={363--394},
  year={2004},
  publisher={Sage Publications Sage CA: Thousand Oaks, CA}
}

@article{tarpey2016stratified,
  title={Stratified psychiatry via convexity-based clustering with applications towards moderator analysis},
  author={Tarpey, Thaddeus and Petkova, Eva and Zhu, Liangyu},
  journal={Statistics and its interface},
  volume={9},
  number={3},
  pages={255},
  year={2016},
  publisher={NIH Public Access}
}
